%YAML 1.1
%TAG !u! tag:unity3d.com,2011:
--- !u!1 &3201838259533010651
GameObject:
  m_ObjectHideFlags: 0
  m_CorrespondingSourceObject: {fileID: 0}
  m_PrefabInstance: {fileID: 0}
  m_PrefabAsset: {fileID: 0}
  serializedVersion: 6
  m_Component:
  - component: {fileID: 5024833132701949047}
  - component: {fileID: 6871810875842762795}
  - component: {fileID: 5890384318974903472}
  m_Layer: 0
  m_Name: Wall-base (2)
  m_TagString: Untagged
  m_Icon: {fileID: 0}
  m_NavMeshLayer: 0
  m_StaticEditorFlags: 0
  m_IsActive: 1
--- !u!4 &5024833132701949047
Transform:
  m_ObjectHideFlags: 0
  m_CorrespondingSourceObject: {fileID: 0}
  m_PrefabInstance: {fileID: 0}
  m_PrefabAsset: {fileID: 0}
  m_GameObject: {fileID: 3201838259533010651}
  m_LocalRotation: {x: 0.7071068, y: -0, z: -0, w: 0.7071068}
  m_LocalPosition: {x: -0.1619, y: 0.00661, z: -0.03017}
  m_LocalScale: {x: 1.3424743, y: 0.082615204, z: 2.2107556}
  m_ConstrainProportionsScale: 0
  m_Children: []
  m_Father: {fileID: 9062104376926281679}
  m_RootOrder: 1
  m_LocalEulerAnglesHint: {x: 0, y: 0, z: 0}
--- !u!33 &6871810875842762795
MeshFilter:
  m_ObjectHideFlags: 0
  m_CorrespondingSourceObject: {fileID: 0}
  m_PrefabInstance: {fileID: 0}
  m_PrefabAsset: {fileID: 0}
  m_GameObject: {fileID: 3201838259533010651}
  m_Mesh: {fileID: -5495902117074765545, guid: 6cd0e9503f6cae14697efb96b40879ac, type: 3}
--- !u!23 &5890384318974903472
MeshRenderer:
  m_ObjectHideFlags: 0
  m_CorrespondingSourceObject: {fileID: 0}
  m_PrefabInstance: {fileID: 0}
  m_PrefabAsset: {fileID: 0}
  m_GameObject: {fileID: 3201838259533010651}
  m_Enabled: 1
  m_CastShadows: 0
  m_ReceiveShadows: 1
  m_DynamicOccludee: 1
  m_StaticShadowCaster: 0
  m_MotionVectors: 1
  m_LightProbeUsage: 1
  m_ReflectionProbeUsage: 1
  m_RayTracingMode: 2
  m_RayTraceProcedural: 0
  m_RenderingLayerMask: 1
  m_RendererPriority: 0
  m_Materials:
  - {fileID: 2100000, guid: 0aa5b401199359843a90f5d0f12f84e3, type: 2}
  m_StaticBatchInfo:
    firstSubMesh: 0
    subMeshCount: 0
  m_StaticBatchRoot: {fileID: 0}
  m_ProbeAnchor: {fileID: 0}
  m_LightProbeVolumeOverride: {fileID: 0}
  m_ScaleInLightmap: 1
  m_ReceiveGI: 1
  m_PreserveUVs: 0
  m_IgnoreNormalsForChartDetection: 0
  m_ImportantGI: 0
  m_StitchLightmapSeams: 1
  m_SelectedEditorRenderState: 3
  m_MinimumChartSize: 4
  m_AutoUVMaxDistance: 0.5
  m_AutoUVMaxAngle: 89
  m_LightmapParameters: {fileID: 0}
  m_SortingLayerID: 0
  m_SortingLayer: 0
  m_SortingOrder: 0
  m_AdditionalVertexStreams: {fileID: 0}
--- !u!1 &5430420388654734789
GameObject:
  m_ObjectHideFlags: 0
  m_CorrespondingSourceObject: {fileID: 0}
  m_PrefabInstance: {fileID: 0}
  m_PrefabAsset: {fileID: 0}
  serializedVersion: 6
  m_Component:
  - component: {fileID: 7008276592290607149}
  - component: {fileID: 5551828865756156257}
  - component: {fileID: 3973484005310452663}
  m_Layer: 0
  m_Name: bottom plinth
  m_TagString: Untagged
  m_Icon: {fileID: 0}
  m_NavMeshLayer: 0
  m_StaticEditorFlags: 0
  m_IsActive: 1
--- !u!4 &7008276592290607149
Transform:
  m_ObjectHideFlags: 0
  m_CorrespondingSourceObject: {fileID: 0}
  m_PrefabInstance: {fileID: 0}
  m_PrefabAsset: {fileID: 0}
  m_GameObject: {fileID: 5430420388654734789}
  m_LocalRotation: {x: -0.49999994, y: 0.5000001, z: -0.50000006, w: 0.49999985}
  m_LocalPosition: {x: -0.1752, y: 0.01773, z: 0.02124}
  m_LocalScale: {x: 21.686361, y: 1.5936966, z: 1.1978098}
  m_ConstrainProportionsScale: 0
  m_Children: []
  m_Father: {fileID: 9062104376926281679}
  m_RootOrder: 0
  m_LocalEulerAnglesHint: {x: 0, y: 0, z: 0}
--- !u!33 &5551828865756156257
MeshFilter:
  m_ObjectHideFlags: 0
  m_CorrespondingSourceObject: {fileID: 0}
  m_PrefabInstance: {fileID: 0}
  m_PrefabAsset: {fileID: 0}
  m_GameObject: {fileID: 5430420388654734789}
  m_Mesh: {fileID: -5895008480964748380, guid: 745369a6e4fb2d7429104325924d464f, type: 3}
--- !u!23 &3973484005310452663
MeshRenderer:
  m_ObjectHideFlags: 0
  m_CorrespondingSourceObject: {fileID: 0}
  m_PrefabInstance: {fileID: 0}
  m_PrefabAsset: {fileID: 0}
  m_GameObject: {fileID: 5430420388654734789}
  m_Enabled: 1
  m_CastShadows: 1
  m_ReceiveShadows: 1
  m_DynamicOccludee: 1
  m_StaticShadowCaster: 0
  m_MotionVectors: 1
  m_LightProbeUsage: 1
  m_ReflectionProbeUsage: 1
  m_RayTracingMode: 2
  m_RayTraceProcedural: 0
  m_RenderingLayerMask: 1
  m_RendererPriority: 0
  m_Materials:
  - {fileID: 2100000, guid: f0c9d9a2ddc166d4dbc542bc5574e1de, type: 2}
  m_StaticBatchInfo:
    firstSubMesh: 0
    subMeshCount: 0
  m_StaticBatchRoot: {fileID: 0}
  m_ProbeAnchor: {fileID: 0}
  m_LightProbeVolumeOverride: {fileID: 0}
  m_ScaleInLightmap: 1
  m_ReceiveGI: 1
  m_PreserveUVs: 0
  m_IgnoreNormalsForChartDetection: 0
  m_ImportantGI: 0
  m_StitchLightmapSeams: 1
  m_SelectedEditorRenderState: 3
  m_MinimumChartSize: 4
  m_AutoUVMaxDistance: 0.5
  m_AutoUVMaxAngle: 89
  m_LightmapParameters: {fileID: 0}
  m_SortingLayerID: 0
  m_SortingLayer: 0
  m_SortingOrder: 0
  m_AdditionalVertexStreams: {fileID: 0}
--- !u!1 &6902515571477938820
GameObject:
  m_ObjectHideFlags: 0
  m_CorrespondingSourceObject: {fileID: 0}
  m_PrefabInstance: {fileID: 0}
  m_PrefabAsset: {fileID: 0}
  serializedVersion: 6
  m_Component:
  - component: {fileID: 9062104376926281679}
  - component: {fileID: 8808636866928288494}
  - component: {fileID: 1581413618898497624}
  m_Layer: 0
  m_Name: Wall-column
  m_TagString: Untagged
  m_Icon: {fileID: 0}
  m_NavMeshLayer: 0
  m_StaticEditorFlags: 0
  m_IsActive: 1
--- !u!4 &9062104376926281679
Transform:
  m_ObjectHideFlags: 0
  m_CorrespondingSourceObject: {fileID: 0}
  m_PrefabInstance: {fileID: 0}
  m_PrefabAsset: {fileID: 0}
  m_GameObject: {fileID: 6902515571477938820}
  m_LocalRotation: {x: -0.5, y: 0.5, z: 0.5, w: 0.5}
  m_LocalPosition: {x: -1.0508, y: 0.0377, z: 0.7236}
  m_LocalScale: {x: 0.3602, y: 2, z: 1.7}
  m_ConstrainProportionsScale: 0
  m_Children:
  - {fileID: 7008276592290607149}
  - {fileID: 5024833132701949047}
  - {fileID: 1345919661184796888}
  m_Father: {fileID: 0}
  m_RootOrder: 0
  m_LocalEulerAnglesHint: {x: -90, y: 90, z: 0}
--- !u!33 &8808636866928288494
MeshFilter:
  m_ObjectHideFlags: 0
  m_CorrespondingSourceObject: {fileID: 0}
  m_PrefabInstance: {fileID: 0}
  m_PrefabAsset: {fileID: 0}
  m_GameObject: {fileID: 6902515571477938820}
  m_Mesh: {fileID: -6281424698479989189, guid: 745369a6e4fb2d7429104325924d464f, type: 3}
--- !u!23 &1581413618898497624
MeshRenderer:
  m_ObjectHideFlags: 0
  m_CorrespondingSourceObject: {fileID: 0}
  m_PrefabInstance: {fileID: 0}
  m_PrefabAsset: {fileID: 0}
  m_GameObject: {fileID: 6902515571477938820}
  m_Enabled: 0
  m_CastShadows: 1
  m_ReceiveShadows: 1
  m_DynamicOccludee: 1
  m_StaticShadowCaster: 0
  m_MotionVectors: 1
  m_LightProbeUsage: 1
  m_ReflectionProbeUsage: 1
  m_RayTracingMode: 2
  m_RayTraceProcedural: 0
  m_RenderingLayerMask: 1
  m_RendererPriority: 0
  m_Materials:
  - {fileID: 2100000, guid: e0be46c55ead8064fba9140a5aa7023b, type: 2}
  - {fileID: 2100000, guid: cc3544d8aef68794996586add8176c9c, type: 2}
  m_StaticBatchInfo:
    firstSubMesh: 0
    subMeshCount: 0
  m_StaticBatchRoot: {fileID: 0}
  m_ProbeAnchor: {fileID: 0}
  m_LightProbeVolumeOverride: {fileID: 0}
  m_ScaleInLightmap: 1
  m_ReceiveGI: 1
  m_PreserveUVs: 0
  m_IgnoreNormalsForChartDetection: 0
  m_ImportantGI: 0
  m_StitchLightmapSeams: 1
  m_SelectedEditorRenderState: 3
  m_MinimumChartSize: 4
  m_AutoUVMaxDistance: 0.5
  m_AutoUVMaxAngle: 89
  m_LightmapParameters: {fileID: 0}
  m_SortingLayerID: 0
  m_SortingLayer: 0
  m_SortingOrder: 0
  m_AdditionalVertexStreams: {fileID: 0}
--- !u!1001 &1524208647597403955
PrefabInstance:
  m_ObjectHideFlags: 0
  serializedVersion: 2
  m_Modification:
    m_TransformParent: {fileID: 9062104376926281679}
    m_Modifications:
    - target: {fileID: -8679921383154817045, guid: b8938104fa2745e4cbb02ef1b1a68b29, type: 3}
      propertyPath: m_RootOrder
      value: 2
      objectReference: {fileID: 0}
    - target: {fileID: -8679921383154817045, guid: b8938104fa2745e4cbb02ef1b1a68b29, type: 3}
      propertyPath: m_LocalScale.x
      value: 0.5
      objectReference: {fileID: 0}
    - target: {fileID: -8679921383154817045, guid: b8938104fa2745e4cbb02ef1b1a68b29, type: 3}
      propertyPath: m_LocalScale.y
      value: 0.5
      objectReference: {fileID: 0}
    - target: {fileID: -8679921383154817045, guid: b8938104fa2745e4cbb02ef1b1a68b29, type: 3}
      propertyPath: m_LocalScale.z
      value: 2.7762353
      objectReference: {fileID: 0}
    - target: {fileID: -8679921383154817045, guid: b8938104fa2745e4cbb02ef1b1a68b29, type: 3}
      propertyPath: m_LocalPosition.x
      value: -0.178
      objectReference: {fileID: 0}
    - target: {fileID: -8679921383154817045, guid: b8938104fa2745e4cbb02ef1b1a68b29, type: 3}
      propertyPath: m_LocalPosition.y
      value: 0.0187
      objectReference: {fileID: 0}
    - target: {fileID: -8679921383154817045, guid: b8938104fa2745e4cbb02ef1b1a68b29, type: 3}
      propertyPath: m_LocalPosition.z
      value: 0.1397
      objectReference: {fileID: 0}
    - target: {fileID: -8679921383154817045, guid: b8938104fa2745e4cbb02ef1b1a68b29, type: 3}
      propertyPath: m_LocalRotation.w
      value: 0.5
      objectReference: {fileID: 0}
    - target: {fileID: -8679921383154817045, guid: b8938104fa2745e4cbb02ef1b1a68b29, type: 3}
      propertyPath: m_LocalRotation.x
      value: 0.5
      objectReference: {fileID: 0}
    - target: {fileID: -8679921383154817045, guid: b8938104fa2745e4cbb02ef1b1a68b29, type: 3}
      propertyPath: m_LocalRotation.y
      value: -0.5
      objectReference: {fileID: 0}
    - target: {fileID: -8679921383154817045, guid: b8938104fa2745e4cbb02ef1b1a68b29, type: 3}
      propertyPath: m_LocalRotation.z
      value: -0.5
      objectReference: {fileID: 0}
    - target: {fileID: -8679921383154817045, guid: b8938104fa2745e4cbb02ef1b1a68b29, type: 3}
      propertyPath: m_LocalEulerAnglesHint.x
      value: 0
      objectReference: {fileID: 0}
    - target: {fileID: -8679921383154817045, guid: b8938104fa2745e4cbb02ef1b1a68b29, type: 3}
      propertyPath: m_LocalEulerAnglesHint.y
      value: 0
      objectReference: {fileID: 0}
    - target: {fileID: -8679921383154817045, guid: b8938104fa2745e4cbb02ef1b1a68b29, type: 3}
      propertyPath: m_LocalEulerAnglesHint.z
      value: 0
      objectReference: {fileID: 0}
    - target: {fileID: -7511558181221131132, guid: b8938104fa2745e4cbb02ef1b1a68b29, type: 3}
      propertyPath: m_Materials.Array.data[0]
      value: 
      objectReference: {fileID: 2100000, guid: f0c9d9a2ddc166d4dbc542bc5574e1de, type: 2}
    - target: {fileID: -7511558181221131132, guid: b8938104fa2745e4cbb02ef1b1a68b29, type: 3}
      propertyPath: m_Materials.Array.data[1]
      value: 
      objectReference: {fileID: 2100000, guid: f0c9d9a2ddc166d4dbc542bc5574e1de, type: 2}
    - target: {fileID: 919132149155446097, guid: b8938104fa2745e4cbb02ef1b1a68b29, type: 3}
      propertyPath: m_Name
      value: box
      objectReference: {fileID: 0}
    m_RemovedComponents: []
  m_SourcePrefab: {fileID: 100100000, guid: b8938104fa2745e4cbb02ef1b1a68b29, type: 3}
--- !u!4 &1345919661184796888 stripped
Transform:
  m_CorrespondingSourceObject: {fileID: -8679921383154817045, guid: b8938104fa2745e4cbb02ef1b1a68b29, type: 3}
  m_PrefabInstance: {fileID: 1524208647597403955}
  m_PrefabAsset: {fileID: 0}
