%YAML 1.1
%TAG !u! tag:unity3d.com,2011:
--- !u!1 &916389190133927932
GameObject:
  m_ObjectHideFlags: 0
  m_CorrespondingSourceObject: {fileID: 0}
  m_PrefabInstance: {fileID: 0}
  m_PrefabAsset: {fileID: 0}
  serializedVersion: 6
  m_Component:
  - component: {fileID: 8970616405822504518}
  - component: {fileID: 867450608233835753}
  - component: {fileID: 9208713560323524800}
  - component: {fileID: 4273483128760749031}
  m_Layer: 10
  m_Name: Custom selection collider (1)
  m_TagString: Untagged
  m_Icon: {fileID: 0}
  m_NavMeshLayer: 0
  m_StaticEditorFlags: 0
  m_IsActive: 1
--- !u!4 &8970616405822504518
Transform:
  m_ObjectHideFlags: 0
  m_CorrespondingSourceObject: {fileID: 0}
  m_PrefabInstance: {fileID: 0}
  m_PrefabAsset: {fileID: 0}
  m_GameObject: {fileID: 916389190133927932}
  m_LocalRotation: {x: -0, y: 1, z: -0, w: 0.00000041723246}
  m_LocalPosition: {x: -0.0008337002, y: -0.299, z: 0.043000013}
  m_LocalScale: {x: 0.60707355, y: 0.7, z: 0.9371418}
  m_ConstrainProportionsScale: 0
  m_Children: []
  m_Father: {fileID: 1709426319130264031}
  m_RootOrder: 1
  m_LocalEulerAnglesHint: {x: 0, y: 0, z: 0}
--- !u!114 &867450608233835753
MonoBehaviour:
  m_ObjectHideFlags: 0
  m_CorrespondingSourceObject: {fileID: 0}
  m_PrefabInstance: {fileID: 0}
  m_PrefabAsset: {fileID: 0}
  m_GameObject: {fileID: 916389190133927932}
  m_Enabled: 1
  m_EditorHideFlags: 0
  m_Script: {fileID: 11500000, guid: ec748227404b4c58a0cd335fcfab3709, type: 3}
  m_Name: 
  m_EditorClassIdentifier: 
  _type: 1
--- !u!65 &9208713560323524800
BoxCollider:
  m_ObjectHideFlags: 0
  m_CorrespondingSourceObject: {fileID: 0}
  m_PrefabInstance: {fileID: 0}
  m_PrefabAsset: {fileID: 0}
  m_GameObject: {fileID: 916389190133927932}
  m_Material: {fileID: 0}
  m_IsTrigger: 0
  m_Enabled: 1
  serializedVersion: 2
  m_Size: {x: 1, y: 1, z: 1}
  m_Center: {x: 0, y: 0, z: 0}
--- !u!33 &4273483128760749031
MeshFilter:
  m_ObjectHideFlags: 0
  m_CorrespondingSourceObject: {fileID: 0}
  m_PrefabInstance: {fileID: 0}
  m_PrefabAsset: {fileID: 0}
  m_GameObject: {fileID: 916389190133927932}
  m_Mesh: {fileID: 10202, guid: 0000000000000000e000000000000000, type: 0}
--- !u!1 &2085952240136674149
GameObject:
  m_ObjectHideFlags: 0
  m_CorrespondingSourceObject: {fileID: 0}
  m_PrefabInstance: {fileID: 0}
  m_PrefabAsset: {fileID: 0}
  serializedVersion: 6
  m_Component:
  - component: {fileID: 1709426319130264031}
  - component: {fileID: 2312248469474610810}
  - component: {fileID: 572580517877742256}
  m_Layer: 0
  m_Name: embalming table
  m_TagString: Untagged
  m_Icon: {fileID: 0}
  m_NavMeshLayer: 0
  m_StaticEditorFlags: 0
  m_IsActive: 1
--- !u!4 &1709426319130264031
Transform:
  m_ObjectHideFlags: 0
  m_CorrespondingSourceObject: {fileID: 0}
  m_PrefabInstance: {fileID: 0}
  m_PrefabAsset: {fileID: 0}
  m_GameObject: {fileID: 2085952240136674149}
  m_LocalRotation: {x: 0, y: 0, z: 0, w: 1}
  m_LocalPosition: {x: -4.368, y: 0.0417, z: -3.455}
  m_LocalScale: {x: 1.2, y: 1, z: 1}
  m_ConstrainProportionsScale: 0
  m_Children:
  - {fileID: 5111111793940899742}
  - {fileID: 8970616405822504518}
  m_Father: {fileID: 0}
  m_RootOrder: 0
  m_LocalEulerAnglesHint: {x: 0, y: 0, z: 0}
--- !u!33 &2312248469474610810
MeshFilter:
  m_ObjectHideFlags: 0
  m_CorrespondingSourceObject: {fileID: 0}
  m_PrefabInstance: {fileID: 0}
  m_PrefabAsset: {fileID: 0}
  m_GameObject: {fileID: 2085952240136674149}
  m_Mesh: {fileID: -5522116972266200503, guid: 2f952d53d48a4aa4482683751054ad1f, type: 3}
--- !u!23 &572580517877742256
MeshRenderer:
  m_ObjectHideFlags: 0
  m_CorrespondingSourceObject: {fileID: 0}
  m_PrefabInstance: {fileID: 0}
  m_PrefabAsset: {fileID: 0}
  m_GameObject: {fileID: 2085952240136674149}
  m_Enabled: 1
  m_CastShadows: 1
  m_ReceiveShadows: 1
  m_DynamicOccludee: 1
  m_StaticShadowCaster: 0
  m_MotionVectors: 1
  m_LightProbeUsage: 1
  m_ReflectionProbeUsage: 1
  m_RayTracingMode: 2
  m_RayTraceProcedural: 0
  m_RenderingLayerMask: 1
  m_RendererPriority: 0
  m_Materials:
  - {fileID: 2100000, guid: 3c7c2e4f76e016d4ab8e9f9c6da80525, type: 2}
  m_StaticBatchInfo:
    firstSubMesh: 0
    subMeshCount: 0
  m_StaticBatchRoot: {fileID: 0}
  m_ProbeAnchor: {fileID: 0}
  m_LightProbeVolumeOverride: {fileID: 0}
  m_ScaleInLightmap: 1
  m_ReceiveGI: 1
  m_PreserveUVs: 0
  m_IgnoreNormalsForChartDetection: 0
  m_ImportantGI: 0
  m_StitchLightmapSeams: 1
  m_SelectedEditorRenderState: 3
  m_MinimumChartSize: 4
  m_AutoUVMaxDistance: 0.5
  m_AutoUVMaxAngle: 89
  m_LightmapParameters: {fileID: 0}
  m_SortingLayerID: 0
  m_SortingLayer: 0
  m_SortingOrder: 0
  m_AdditionalVertexStreams: {fileID: 0}
--- !u!1001 &2120226386347650399
PrefabInstance:
  m_ObjectHideFlags: 0
  serializedVersion: 2
  m_Modification:
    m_TransformParent: {fileID: 5111111793940899742}
    m_Modifications:
    - target: {fileID: -8679921383154817045, guid: 9761684e04dce084881f9da09e22a092, type: 3}
      propertyPath: m_RootOrder
      value: 0
      objectReference: {fileID: 0}
    - target: {fileID: -8679921383154817045, guid: 9761684e04dce084881f9da09e22a092, type: 3}
      propertyPath: m_LocalScale.x
      value: 1.5
      objectReference: {fileID: 0}
    - target: {fileID: -8679921383154817045, guid: 9761684e04dce084881f9da09e22a092, type: 3}
      propertyPath: m_LocalScale.y
      value: 2.402954
      objectReference: {fileID: 0}
    - target: {fileID: -8679921383154817045, guid: 9761684e04dce084881f9da09e22a092, type: 3}
      propertyPath: m_LocalPosition.x
      value: -0.00514
      objectReference: {fileID: 0}
    - target: {fileID: -8679921383154817045, guid: 9761684e04dce084881f9da09e22a092, type: 3}
      propertyPath: m_LocalPosition.y
      value: 0
      objectReference: {fileID: 0}
    - target: {fileID: -8679921383154817045, guid: 9761684e04dce084881f9da09e22a092, type: 3}
      propertyPath: m_LocalPosition.z
      value: -0.02514
      objectReference: {fileID: 0}
    - target: {fileID: -8679921383154817045, guid: 9761684e04dce084881f9da09e22a092, type: 3}
      propertyPath: m_LocalRotation.w
      value: 0.6532815
      objectReference: {fileID: 0}
    - target: {fileID: -8679921383154817045, guid: 9761684e04dce084881f9da09e22a092, type: 3}
      propertyPath: m_LocalRotation.x
      value: -0.6532815
      objectReference: {fileID: 0}
    - target: {fileID: -8679921383154817045, guid: 9761684e04dce084881f9da09e22a092, type: 3}
      propertyPath: m_LocalRotation.y
      value: 0.27059808
      objectReference: {fileID: 0}
    - target: {fileID: -8679921383154817045, guid: 9761684e04dce084881f9da09e22a092, type: 3}
      propertyPath: m_LocalRotation.z
      value: 0.27059808
      objectReference: {fileID: 0}
    - target: {fileID: -8679921383154817045, guid: 9761684e04dce084881f9da09e22a092, type: 3}
      propertyPath: m_LocalEulerAnglesHint.x
      value: -90
      objectReference: {fileID: 0}
    - target: {fileID: -8679921383154817045, guid: 9761684e04dce084881f9da09e22a092, type: 3}
      propertyPath: m_LocalEulerAnglesHint.y
      value: 0
      objectReference: {fileID: 0}
    - target: {fileID: -8679921383154817045, guid: 9761684e04dce084881f9da09e22a092, type: 3}
      propertyPath: m_LocalEulerAnglesHint.z
      value: 0
      objectReference: {fileID: 0}
    - target: {fileID: -7511558181221131132, guid: 9761684e04dce084881f9da09e22a092, type: 3}
      propertyPath: m_Materials.Array.data[0]
      value: 
      objectReference: {fileID: 2100000, guid: c522fd3f48693894fa209c6e10aee360, type: 2}
    - target: {fileID: 919132149155446097, guid: 9761684e04dce084881f9da09e22a092, type: 3}
      propertyPath: m_Name
      value: quad
      objectReference: {fileID: 0}
    m_RemovedComponents: []
  m_SourcePrefab: {fileID: 100100000, guid: 9761684e04dce084881f9da09e22a092, type: 3}
--- !u!1001 &4712146633772843125
PrefabInstance:
  m_ObjectHideFlags: 0
  serializedVersion: 2
  m_Modification:
    m_TransformParent: {fileID: 1709426319130264031}
    m_Modifications:
    - target: {fileID: -8679921383154817045, guid: 2f952d53d48a4aa4482683751054ad1f, type: 3}
      propertyPath: m_RootOrder
      value: 0
      objectReference: {fileID: 0}
    - target: {fileID: -8679921383154817045, guid: 2f952d53d48a4aa4482683751054ad1f, type: 3}
      propertyPath: m_LocalScale.x
      value: 1
      objectReference: {fileID: 0}
    - target: {fileID: -8679921383154817045, guid: 2f952d53d48a4aa4482683751054ad1f, type: 3}
      propertyPath: m_LocalScale.z
      value: 1
      objectReference: {fileID: 0}
    - target: {fileID: -8679921383154817045, guid: 2f952d53d48a4aa4482683751054ad1f, type: 3}
      propertyPath: m_LocalPosition.x
      value: -0
      objectReference: {fileID: 0}
    - target: {fileID: -8679921383154817045, guid: 2f952d53d48a4aa4482683751054ad1f, type: 3}
      propertyPath: m_LocalPosition.y
      value: 0
      objectReference: {fileID: 0}
    - target: {fileID: -8679921383154817045, guid: 2f952d53d48a4aa4482683751054ad1f, type: 3}
      propertyPath: m_LocalPosition.z
      value: 0
      objectReference: {fileID: 0}
    - target: {fileID: -8679921383154817045, guid: 2f952d53d48a4aa4482683751054ad1f, type: 3}
      propertyPath: m_LocalRotation.w
      value: 0.9238795
      objectReference: {fileID: 0}
    - target: {fileID: -8679921383154817045, guid: 2f952d53d48a4aa4482683751054ad1f, type: 3}
      propertyPath: m_LocalRotation.x
      value: 0
      objectReference: {fileID: 0}
    - target: {fileID: -8679921383154817045, guid: 2f952d53d48a4aa4482683751054ad1f, type: 3}
      propertyPath: m_LocalRotation.y
      value: -0.38268346
      objectReference: {fileID: 0}
    - target: {fileID: -8679921383154817045, guid: 2f952d53d48a4aa4482683751054ad1f, type: 3}
      propertyPath: m_LocalRotation.z
      value: -0
      objectReference: {fileID: 0}
    - target: {fileID: -8679921383154817045, guid: 2f952d53d48a4aa4482683751054ad1f, type: 3}
      propertyPath: m_LocalEulerAnglesHint.x
      value: 0
      objectReference: {fileID: 0}
    - target: {fileID: -8679921383154817045, guid: 2f952d53d48a4aa4482683751054ad1f, type: 3}
      propertyPath: m_LocalEulerAnglesHint.y
      value: 0
      objectReference: {fileID: 0}
    - target: {fileID: -8679921383154817045, guid: 2f952d53d48a4aa4482683751054ad1f, type: 3}
      propertyPath: m_LocalEulerAnglesHint.z
      value: 0
      objectReference: {fileID: 0}
    - target: {fileID: 919132149155446097, guid: 2f952d53d48a4aa4482683751054ad1f, type: 3}
      propertyPath: m_Name
      value: embalming table
      objectReference: {fileID: 0}
    m_RemovedComponents: []
  m_SourcePrefab: {fileID: 100100000, guid: 2f952d53d48a4aa4482683751054ad1f, type: 3}
--- !u!4 &5111111793940899742 stripped
Transform:
  m_CorrespondingSourceObject: {fileID: -8679921383154817045, guid: 2f952d53d48a4aa4482683751054ad1f, type: 3}
  m_PrefabInstance: {fileID: 4712146633772843125}
  m_PrefabAsset: {fileID: 0}
--- !u!1 &5595020723775634724 stripped
GameObject:
  m_CorrespondingSourceObject: {fileID: 919132149155446097, guid: 2f952d53d48a4aa4482683751054ad1f, type: 3}
  m_PrefabInstance: {fileID: 4712146633772843125}
  m_PrefabAsset: {fileID: 0}
--- !u!114 &4118401632257458677
MonoBehaviour:
  m_ObjectHideFlags: 0
  m_CorrespondingSourceObject: {fileID: 0}
  m_PrefabInstance: {fileID: 0}
  m_PrefabAsset: {fileID: 0}
  m_GameObject: {fileID: 5595020723775634724}
  m_Enabled: 1
  m_EditorHideFlags: 0
  m_Script: {fileID: 11500000, guid: 5997e17d15ab42c1b6b7e264abf79a29, type: 3}
  m_Name: 
  m_EditorClassIdentifier: 
  _configs:
  - Mesh: {fileID: 0}
    Materials: []
  - Mesh: {fileID: -6229458132138771496, guid: 2f952d53d48a4aa4482683751054ad1f, type: 3}
    Materials:
    - {fileID: 2100000, guid: 3c7c2e4f76e016d4ab8e9f9c6da80525, type: 2}
  _dontDrawSelected: 0
